1770 3129
425 245 498 311 (4)

122 329 272 393 praeteriisse
279 326 357 389 nefas.
369 325 470 389 Scilicet
478 326 576 377 bellt'mi
583 324 681 392 jamdiu
690 323 806 395 diuinam

122 395 245 449 ,adversus
257 397 392 442 veritatem
407 393 463 458 ipso
473 395 501 443 in
513 395 623 444 ecelesiae
635 395 694 443 sinu
707 396 805 444 instau-

123 470 208 509 ratum
225 460 351 509 crudescit
365 461 394 507 in
416 460 483 525 dies,
504 461 611 525 plurimi
628 461 731 526 hostes,
752 478 807 522 non
848 467 850 471 ’

123 528 199 592 pauci
210 534 302 574 cuneta
309 527 387 574 simul
398 528 471 575 nullo
481 526 627 590 discrimine
637 528 808 590 habentem-

124 610 188 657 guus
206 593 252 656 qui
266 595 402 642 ueritatem
413 600 688 659 tueanturnumerus3
710 593 807 643 descis-

124 667 237 723 euutque
247 670 301 707 non
311 670 369 709 raro
379 660 446 708 inter
463 677 505 708 eos
517 661 563 724 qui
574 661 744 729 strenuissimi
760 679 806 709 au-

124 726 233 773 diebant.
243 727 351 789 Jamque
364 724 443 789 probe
453 726 574 791 intelligis
586 744 629 775 me
642 727 673 774 de
688 711 807 790 Sdlbione

124 793 243 840 Deriocio
276 792 338 840 olim
363 791 559 841 Pistoriensium
587 810 618 840 ao
645 794 808 841 Pratensium

125 859 242 923 episcopo
252 858 409 907 locuturum.
420 858 518 907 Dolens
530 859 612 908 dicam
627 877 633 907 :
647 858 739 908 defecit
749 860 809 923 ille3

85 975 88 980 ,
124 934 150 973 et
160 925 280 988 quamvis
288 926 442 974 miserentur
452 925 484 973 ad
493 943 604 990 praesens
613 926 701 981 amici,
712 927 810 975 nescie-

125 993 176 1040 rim
186 992 349 1040 miseratione
360 1009 393 1040 an
405 992 579 1056 objurgatione
591 992 733 1056 digniorem
746 1010 810 1057 pos-

124 1058 212 1107 teritas
220 1058 380 1122 judicaverit.
394 1059 438 1106 Tu
447 1057 513 1106 sorte
526 1060 683 1123 obstupescis
691 1059 775 1108 adhuc
785 1067 810 1107 et

125 1126 224 1188 angeris
237 1142 242 1172 :
255 1126 329 1188 quasi
340 1125 405 1172 tanti
414 1126 527 1173 nominis
542 1126 585 1174 vir
595 1126 693 1189 subito,
711 1134 736 1174 et
751 1128 809 1174 ino-

124 1194 211 1257 pinate
234 1192 366 1239 corruerit.
391 1191 428 1239 At
447 1190 514 1238 mihi
531 1190 661 1253 antiquior
685 1191 716 1239 de
738 1192 809 1240 illius

125 1258 300 1310 imbecillitate
309 1257 390 1310 dolor,
399 1264 430 1304 ut
438 1274 495 1321 quae
503 1264 594 1306 recens
599 1256 666 1306 fama
673 1258 734 1306 tulit
741 1258 809 1307 nihil

125 1343 230 1391 prorsus
240 1325 352 1372 mirarer.
366 1324 451 1382 Quare
462 1324 544 1388 placet
556 1341 611 1372 rem
622 1325 747 1389 integram
755 1326 808 1374 suis

127 1395 158 1441 ab
171 1392 251 1446 initiis
261 1390 395 1456 expedire,
412 1390 448 1438 ita
455 1390 568 1440 fortassis
577 1399 621 1438 tua
628 1409 682 1440 non
688 1392 809 1442 inanibus

76 1465 86 1471 ”
125 1455 213 1524 uerbis
223 1457 339 1523 tempora
346 1458 480 1513 morabor,
489 1475 537 1506 neo
546 1459 651 1507 omuino
660 1459 809 1525 negligenda

125 1527 262 1578 hominum
273 1525 403 1574 memoriae
414 1533 531 1589 suppetet
547 1525 661 1574 historia.

165 1652 188 1700 5.
207 1643 348 1710 Postquam
363 1643 487 1709 depressis
503 1662 549 1710 per
559 1644 660 1694 Italiam
674 1646 808 1704 Gallorum

126 1720 217 1779 rebus,
242 1714 366 1761 Germani
382 1712 460 1760 simul
477 1720 502 1759 et
516 1713 600 1760 Mosei
615 1712 646 1759 ad
662 1714 809 1776 Veronam,

126 1803 191 1837 mox
209 1781 376 1841 Placentiam,
394 1778 496 1826 tandem
510 1779 601 1843 Notas
618 1779 679 1828 adeo
698 1780 809 1829 secundo

127 1854 212 1904 Marte
220 1845 404 1914 praeliarentur,
418 1844 453 1908 ut
460 1845 598 1907 unarictis
607 1846 712 1909 Liguria
722 1864 810 1911 super-

126 1923 213 1979 esset,
234 1914 358 1963 eouvulsa
374 1912 494 1965 tumultu
509 1912 678 1976 Aretinorum
699 1914 809 1972 Etruria.

120 1986 264 2048 ·Instigarat
289 1979 420 2027 seditiosos
444 1995 531 2034 recens
556 1978 680 2027 libertatis
704 1980 809 2043 odium,

129 2064 210 2116 utque
220 2049 295 2097 latius
304 2044 445 2093 ulciscendi
452 2045 485 2093 ,in
501 2032 636 2109 populaires
649 2055 737 2100 caussa,
746 2042 810 2110 sup-

130 2117 273 2188 peditaret,
300 2111 462 2161 Pistoriensis
487 2112 601 2177 synodus
625 2112 809 2175 incusabatur,

131 2182 237 2255 perinde
250 2199 278 2229 ac
294 2181 315 2228 si
329 2197 362 2227 ex
371 2176 441 2246 illius
453 2177 568 2247 doctrine
579 2178 750 2234 instaurandae
761 2180 811 2227 rei-
874 2228 876 2232 ,

129 2252 240 2323 Publicae
262 2246 367 2296 consilia
381 2254 530 2315 manassent.
554 2245 634 2313 Fovit
655 2247 811 2311 calmuniam

131 2319 291 2389 perditorum
310 2312 468 2362 sacerdotum
488 2313 634 2377 superstitio
651 2325 679 2360 ac
696 2313 740 2361 ira.
757 2313 812 2361 Ubi

133 2397 218 2440 autem
229 2383 371 2430 discursum
383 2379 414 2427 ad
424 2397 506 2443 arma,
527 2380 723 2443 etFlorentiam·
730 2380 813 2443 ipsam

133 2453 227 2516 irrupit
244 2449 386 2497 furentium
403 2464 514 2509 manus,
539 2446 625 2510 Scipio
641 2447 685 2495 ille
702 2447 748 2508 qui
764 2446 814 2494 sibi

135 2519 266 2573 eonsulore
276 2515 336 2578 fuga
348 2515 543 2575 detrectaverat,
557 2522 678 2576 tanquam
693 2513 814 2580 nullaeex

133 2586 245 2644 inimicis
253 2584 383 2644 subessent
390 2580 496 2646 insidiae,
505 2582 548 2631 aut
553 2581 607 2646 ipse
616 2578 707 2630 fortior
714 2580 815 2645 perieu-
