1770 3129
360 212 423 287 (15
439 216 452 286 l
473 240 480 245 ·

61 298 175 368 ‘citraque
186 303 322 353 veritatem
334 304 458 365 confi‘cta‚-
471 296 590 360 callentes
604 292 757 354 inveneris?

61 361 199 487 llindepam
208 370 437 474 pyrgoremedium?
443 371 510 440 Quis
516 368 642 435 edocebit,
653 372 750 436 quisve

61 449 75 485 e
94 456 138 487 oce
156 446 221 487 rtur.
326 453 328 456 ·
511 457 513 460 ’
639 470 640 473 ¹

96 558 135 608 16.
154 557 204 606 Sed
221 566 246 607 et
259 560 405 626 superstitio
425 560 569 623 exolescet,
596 559 667 624 quod
684 559 744 607 satis

63 627 156 689 agnita,
164 628 257 681 sensim
265 626 365 685 facilius
374 628 613 689 contemniturmjeo
620 645 654 677 ex
660 644 747 675 ‚sacro-

62 690 122 740 rum
137 694 315 743 ministrorum
333 702 388 743 orta
398 703 487 743 recens
496 701 652 759 *paupertate
670 692 748 760 habet

63 759 133 807 unde
148 761 241 824 vigeat.
255 762 372 810 Tandem
386 763 430 811 vel
446 763 544 810 sincera
564 762 644 826 pietas
662 759 753 808 deficit

63 825 126 874 adeo
137 834 167 875 ut
182 829 331 878 universam
342 829 472 894 Europam
482 846 575 892 paucos
586 829 653 876 intra
666 844 747 875 annos

62 894 185 957 religione
195 913 261 959 pene
270 896 342 945 omni
356 897 493 945 carituram
506 905 553 959 per
567 896 682 943 laetitiam
694 911 748 942 sce·
768 912 771 917 ·

62 960 121 1009 lesti
131 962 290 1024 ominmtur,
309 963 373 1012 boni
384 981 448 1013 vero
463 973 564 1011 summo
580 980 639 1010 cum
659 961 747 1009 dolore

63 1029 250 1091 pertimescant.
265 1030 421 1093 Evangelica
434 1030 539 1094 quidem
556 1029 587 1076 de
605 1029 667 1076 fidei
686 1046 749 1091 per-

63 1096 186 1158 petuitate
193 1097 318 1160 promissa
327 1096 398 1145 haud
407 1099 436 1145 in
446 1097 550 1145 irritum
560 1113 660 1143 cessura
670 1112 749 1143 even-

64 1169 106 1208 tus
129 1179 212 1225 usque
230 1163 367 1226 probavit,
393 1163 532 1226 suadetque
548 1162 622 1209 fides.
643 1163 680 1210 At
700 1179 749 1209 nec

64 1226 182 1283 traditio,
202 1247 250 1277 nec
269 1230 401 1292 Scriptura
418 1229 471 1276 huc
488 1229 574 1292 potius
594 1246 672 1291 quam
686 1225 750 1276 illuc

64 1311 212 1344 mansuram
222 1296 353 1344 ecclesiam
363 1296 524 1360 pollicentur.
537 1295 608 1354 Quid
618 1294 696 1359 ergo?
706 1295 750 1343 Oh

64 1361 165 1409 utinam
184 1371 278 1410 tantus
292 1363 369 1410 timor
386 1365 532 1411 Romanam
554 1363 636 1425 ipsam
652 1362 750 1410 curiam

64 1428 213 1491 percelleret
229 1437 258 1477 ut
272 1429 418 1494 reparandae
428 1429 565 1480 calamitati
573 1431 622 1476 iret
631 1429 749 1476 subven-

64 1503 121 1541 tum
140 1495 144 1541 !
164 1496 227 1543 Non
249 1514 277 1543 ea
296 1497 458 1544 miseriarum
478 1496 558 1543 moles
579 1504 609 1542 ut
628 1495 749 1543 subsidiis
773 1534 776 1543 ,

64 1561 175 1625 impares
191 1563 277 1610 simus.
294 1563 463 1617 Sciattamen
478 1562 549 1610 curia
570 1562 616 1608 illa
630 1570 748 1625 oportet,

65 1626 97 1674 ad
110 1628 218 1676 honesta
231 1638 256 1676 et
269 1630 376 1676 meliora
383 1630 502 1677 revocari
511 1645 558 1675 nos
569 1628 641 1676 nullal
651 1629 751 1676 ratione

64 1711 154 1758 posse,
172 1695 223 1743 nisi
237 1696 335 1743 sublata
350 1695 464 1744 Romani
481 1694 615 1743 Pontificis
629 1695 751 1743 domina-

34 1783 36 1786 *
65 1762 158 1823 tione,
182 1779 230 1809 nec
248 1780 302 1810 non
319 1762 454 1824 restituta,
480 1769 606 1826 quantum
628 1763 751 1826 iniquitas

65 1835 212 1892 temporum
229 1830 305 1889 sinit,
327 1829 432 1893 antiquat
444 1830 555 1878 ecclesiae
566 1828 707 1894 disciplina.
718 1829 751 1877 Id

65 1912 150 1943 unum
164 1896 270 1944 cumino
285 1896 346 1944 fidei
364 1898 484 1945 columen
506 1904 530 1943 et
546 1897 695 1959 praesidium
705 1915 710 1944 ε
722 1915 751 1945 ea

66 1960 659 2027 duntaxatcorruptissimismoribusmedicina3
667 1981 751 2027 neque

66 2028 248 2093 ambigendum
260 2029 366 2078 videtur
379 2030 444 2094 quin
458 2037 529 2078 tauto
544 2031 652 2078 munere
662 2031 751 2080 saltem

66 2097 163 2159 posteri
174 2096 307 2159 fruantur3
320 2115 428 2161 quaeque
438 2097 562 2146 hacteuus
574 2098 751 2162 disseruimus,

66 2181 120 2212 non
137 2164 217 2228 impia
232 2173 259 2213 ut
274 2183 357 2227 nuno,
380 2165 424 2213 sed
443 2173 528 2213 sancta
549 2173 574 2212 et
586 2166 652 2229 justa
662 2167 753 2215 existi-

65 2238 177 2278 mentur.
200 2232 273 2281 Finis
293 2240 378 2281 ta'men
397 2234 436 2281 sit.
466 2233 523 2281 Nos
545 2233 616 2281 haud
632 2234 752 2283 Dericcio
782 2273 783 2277 ,

67 2299 216 2361 irascimur,
236 2301 315 2365 magis
326 2319 389 2350 vero
400 2301 505 2351 Diuinae
521 2297 697 2351 Providentiae'
708 2302 752 2350 de-

16 2394 18 2399 ·
69 2374 136 2413 creta
145 2368 321 2416 venerabundi
329 2371 489 2433 suspicimus.
497 2369 531 2416 Et
541 2370 682 2433 unicuique
691 2388 752 2419 nos-

68 2440 137 2481 trum
147 2435 206 2482 satis
218 2435 377 2499 timendum,
389 2437 436 2486 uhi
449 2435 519 2485 haud
531 2436 615 2501 impar
627 2437 753 2501 ingruerit

68 2501 212 2565 periculum
224 2523 232 2573 „¹
244 2503 390 2554 timendum
398 2505 519 2570 inquam,
536 2504 580 2553 sed
592 2505 682 2569 magud
693 2523 750 2554 cunr
